@Manual{R-base,
  title = {R: A Language and Environment for Statistical
           Computing},
  author = {{R Core Team}},
  organization = {R Foundation for Statistical Computing},
  address = {Vienna, Austria},
  year = {2020},
  url = {https://www.R-project.org},
}
@Manual{Nielsen,
  title = {Understanding N(d1) and N(d2) : risk adjusted probabilities in the black-scholes model},
  author = {{Lars Tyge Nielsen}},
  organization = {INSEAD},
  year = {1992},
}
@Manual{iriz,
  title = {Introduction to Data Science},
  author = {{Irizarry, Rafael A.}},
  year = {2020},
  url = {https://rafalab.github.io/dsbook/},
}
@Manual{gridExtra,
  title = {Package ‘gridExtra’},
  author = {{Auguie, B.}},
  year = {2017},
  url = {https://cran.r-project.org/web/packages/gridExtra/gridExtra.pdf},
}
@Manual{knitr,
  title = {Package ‘knitr’},
  author = {{Xie, Y. et al}},
  year = {2020},
  url = {https://cran.r-project.org/web/packages/knitr/knitr.pdf},
}
@Manual{tidyverse,
  title = {Package ‘tidyverse’},
  author = {{Wickham, H.}},
  year = {2019},
  url = {https://cran.r-project.org/web/packages/tidyverse/tidyverse.pdf},
}
@Manual{dt,
  title = {Package ‘data.table’},
  author = {{Dowle, M. et al}},
  year = {2020},
  url = {https://cran.r-project.org/web/packages/data.table/data.table.pdf},
}
@Manual{lubridate,
  title = {Package ‘lubridate’},
  author = {{Spinu, V.}},
  year = {2020},
  url = {https://cran.r-project.org/web/packages/lubridate/lubridate.pdf},
}
@Manual{ggthemes,
  title = {Package ‘ggthemes’},
  author = {{Arnold, J. B. et al}},
  year = {2019},
  url = {https://cran.r-project.org/web/packages/ggthemes/ggthemes.pdf},
}
@Manual{scales,
  title = {Package ‘scales’},
  author = {{Hadley Wickham, Dana Seidel, RStudio}},
  year = {2020},
  url = {https://cran.r-project.org/web/packages/scales/},
}
@Manual{extrafont,
  title = {Package ‘extrafont’},
  author = {{Winston Chang}},
  year = {2014},
  url = {https://cran.r-project.org/web/packages/extrafont/},
}
@Manual{kableExtra,
  title = {Package ‘kableExtra’},
  author = {{Hao Zhu}},
  year = {2021},
  url = {https://cran.r-project.org/web/packages/kableExtra/},
}
@Manual{fasttime,
  title = {Package ‘fasttime’},
  author = {{Simon Urbanek}},
  year = {2016},
  url = {https://cran.r-project.org/web/packages/fasttime/},
}
@Manual{stringr,
  title = {Package ‘stringr’},
  author = {{Hadley Wickham}},
  year = {2019},
  url = {https://cran.r-project.org/web/packages/stringr/},
}
@Manual{RcppRoll,
  title = {Package ‘RcppRoll’},
  author = {{Kevin Ushey}},
  year = {2018},
  url = {https://cran.r-project.org/web/packages/RcppRoll/},
}
@Manual{caTools,
  title = {Package ‘caTools’},
  author = {{Jarek Tuszynski}},
  year = {2021},
  url = {https://cran.r-project.org/web/packages/caTools/},
}
@Manual{zoo,
  title = {Package ‘zoo’},
  author = {{Achim Zeileis}},
  year = {2021},
  url = {https://cran.r-project.org/web/packages/zoo/},
}
@Manual{xts,
  title = {Package ‘xts’},
  author = {{Jeffrey A. Ryan}},
  year = {2020},
  url = {https://cran.r-project.org/web/packages/xts/},
}
@Manual{matrixStats,
  title = {Package ‘matrixStats’},
  author = {{Henrik Bengtsson}},
  year = {2021},
  url = {https://cran.r-project.org/web/packages/matrixStats/},
}